@misc{word2vec,
Author = {Tomas Mikolov and Kai Chen and Greg Corrado and Jeffrey Dean},
Title = {Efficient Estimation of Word Representations in Vector Space},
Year = {2013},
Eprint = {arXiv:1301.3781},
}

@inproceedings{gensim,
      title = {{Software Framework for Topic Modelling with Large Corpora}},
      author = {Radim {\v R}eh{\r u}{\v r}ek and Petr Sojka},
      booktitle = {{Proceedings of the LREC 2010 Workshop on New
           Challenges for NLP Frameworks}},
      pages = {45--50},
      year = 2010,
      month = May,
      day = 22,
      publisher = {ELRA},
      address = {Valletta, Malta},
      note={\url{http://is.muni.cz/publication/884893/en}},
      language={English}
}

@techreport{brown,
  added-at = {2008-02-29T17:14:20.000+0100},
  author = {Francis, W. N. and Kucera, H.},
  biburl = {https://www.bibsonomy.org/bibtex/260bb0c74c2ecced0632393e47eb64f48/sb3000},
  institution = {Department of Linguistics, Brown University, Providence, Rhode Island, US},
  interhash = {119c367841941ad1a8f0db35d9f1c0b9},
  intrahash = {60bb0c74c2ecced0632393e47eb64f48},
  keywords = {corpus linguistics text-mining},
  timestamp = {2008-02-29T17:14:20.000+0100},
  title = {Brown Corpus Manual},
  url = {http://icame.uib.no/brown/bcm.html},
  year = 1979
}
@book{nltk,
  title={Natural language processing with Python: analyzing text with the natural language toolkit},
  author={Bird, Steven and Klein, Ewan and Loper, Edward},
  year={2009},
  publisher={" O'Reilly Media, Inc."}
}




